@article{MillerToddHedge,  
  title={Designing Neural Networks Using Genetic Algorithms},
  author={Miller, G., Todd, P., Hedge, S.},
  year={1989}
} 

@article{LamStructure,  
  title={Tuning of the Structure and Parameters of Neural Networks using an Improved Genetic Algorithm},
  author={Lam, H., Ling, S., Leung, F., Tam, P.}
} 
